%YAML 1.1
%TAG !u! tag:unity3d.com,2011:
--- !u!29 &1
OcclusionCullingSettings:
  m_ObjectHideFlags: 0
  serializedVersion: 2
  m_OcclusionBakeSettings:
    smallestOccluder: 5
    smallestHole: 0.25
    backfaceThreshold: 100
  m_SceneGUID: 00000000000000000000000000000000
  m_OcclusionCullingData: {fileID: 0}
--- !u!104 &2
RenderSettings:
  m_ObjectHideFlags: 0
  serializedVersion: 9
  m_Fog: 0
  m_FogColor: {r: 0.5, g: 0.5, b: 0.5, a: 1}
  m_FogMode: 3
  m_FogDensity: 0.01
  m_LinearFogStart: 0
  m_LinearFogEnd: 300
  m_AmbientSkyColor: {r: 1, g: 1, b: 1, a: 1}
  m_AmbientEquatorColor: {r: 0.114, g: 0.125, b: 0.133, a: 1}
  m_AmbientGroundColor: {r: 0.047, g: 0.043, b: 0.035, a: 1}
  m_AmbientIntensity: 1
  m_AmbientMode: 3
  m_SubtractiveShadowColor: {r: 0.42, g: 0.478, b: 0.627, a: 1}
  m_SkyboxMaterial: {fileID: 0}
  m_HaloStrength: 0.5
  m_FlareStrength: 1
  m_FlareFadeSpeed: 3
  m_HaloTexture: {fileID: 0}
  m_SpotCookie: {fileID: 10001, guid: 0000000000000000e000000000000000, type: 0}
  m_DefaultReflectionMode: 0
  m_DefaultReflectionResolution: 128
  m_ReflectionBounces: 1
  m_ReflectionIntensity: 1
  m_CustomReflection: {fileID: 0}
  m_Sun: {fileID: 0}
  m_IndirectSpecularColor: {r: 0, g: 0, b: 0, a: 1}
  m_UseRadianceAmbientProbe: 0
--- !u!157 &3
LightmapSettings:
  m_ObjectHideFlags: 0
  serializedVersion: 11
  m_GIWorkflowMode: 1
  m_GISettings:
    serializedVersion: 2
    m_BounceScale: 1
    m_IndirectOutputScale: 1
    m_AlbedoBoost: 1
    m_EnvironmentLightingMode: 0
    m_EnableBakedLightmaps: 0
    m_EnableRealtimeLightmaps: 0
  m_LightmapEditorSettings:
    serializedVersion: 12
    m_Resolution: 2
    m_BakeResolution: 40
    m_AtlasSize: 1024
    m_AO: 0
    m_AOMaxDistance: 1
    m_CompAOExponent: 1
    m_CompAOExponentDirect: 0
    m_ExtractAmbientOcclusion: 0
    m_Padding: 2
    m_LightmapParameters: {fileID: 0}
    m_LightmapsBakeMode: 1
    m_TextureCompression: 1
    m_FinalGather: 0
    m_FinalGatherFiltering: 1
    m_FinalGatherRayCount: 256
    m_ReflectionCompression: 2
    m_MixedBakeMode: 2
    m_BakeBackend: 1
    m_PVRSampling: 1
    m_PVRDirectSampleCount: 32
    m_PVRSampleCount: 512
    m_PVRBounces: 2
    m_PVREnvironmentSampleCount: 256
    m_PVREnvironmentReferencePointCount: 2048
    m_PVRFilteringMode: 1
    m_PVRDenoiserTypeDirect: 1
    m_PVRDenoiserTypeIndirect: 1
    m_PVRDenoiserTypeAO: 1
    m_PVRFilterTypeDirect: 0
    m_PVRFilterTypeIndirect: 0
    m_PVRFilterTypeAO: 0
    m_PVREnvironmentMIS: 1
    m_PVRCulling: 1
    m_PVRFilteringGaussRadiusDirect: 1
    m_PVRFilteringGaussRadiusIndirect: 5
    m_PVRFilteringGaussRadiusAO: 2
    m_PVRFilteringAtrousPositionSigmaDirect: 0.5
    m_PVRFilteringAtrousPositionSigmaIndirect: 2
    m_PVRFilteringAtrousPositionSigmaAO: 1
    m_ExportTrainingData: 0
    m_TrainingDataDestination: TrainingData
  m_LightingDataAsset: {fileID: 0}
  m_UseShadowmask: 1
--- !u!196 &4
NavMeshSettings:
  serializedVersion: 2
  m_ObjectHideFlags: 0
  m_BuildSettings:
    serializedVersion: 2
    agentTypeID: 0
    agentRadius: 0.5
    agentHeight: 2
    agentSlope: 45
    agentClimb: 0.4
    ledgeDropHeight: 0
    maxJumpAcrossDistance: 0
    minRegionArea: 2
    manualCellSize: 0
    cellSize: 0.16666667
    manualTileSize: 0
    tileSize: 256
    accuratePlacement: 0
    debug:
      m_Flags: 0
  m_NavMeshData: {fileID: 0}
--- !u!1 &195960341
GameObject:
  m_ObjectHideFlags: 0
  m_CorrespondingSourceObject: {fileID: 0}
  m_PrefabInstance: {fileID: 0}
  m_PrefabAsset: {fileID: 0}
  serializedVersion: 6
  m_Component:
  - component: {fileID: 195960343}
  - component: {fileID: 195960342}
  m_Layer: 0
  m_Name: Grid
  m_TagString: Untagged
  m_Icon: {fileID: 0}
  m_NavMeshLayer: 0
  m_StaticEditorFlags: 0
  m_IsActive: 1
--- !u!156049354 &195960342
Grid:
  m_ObjectHideFlags: 0
  m_CorrespondingSourceObject: {fileID: 0}
  m_PrefabInstance: {fileID: 0}
  m_PrefabAsset: {fileID: 0}
  m_GameObject: {fileID: 195960341}
  m_Enabled: 1
  m_CellSize: {x: 1, y: 1, z: 0}
  m_CellGap: {x: 0, y: 0, z: 0}
  m_CellLayout: 0
  m_CellSwizzle: 0
--- !u!4 &195960343
Transform:
  m_ObjectHideFlags: 0
  m_CorrespondingSourceObject: {fileID: 0}
  m_PrefabInstance: {fileID: 0}
  m_PrefabAsset: {fileID: 0}
  m_GameObject: {fileID: 195960341}
  m_LocalRotation: {x: 0, y: 0, z: 0, w: 1}
  m_LocalPosition: {x: 0, y: 0, z: 0}
  m_LocalScale: {x: 1, y: 1, z: 1}
  m_Children:
  - {fileID: 526141229}
  m_Father: {fileID: 0}
  m_RootOrder: 2
  m_LocalEulerAnglesHint: {x: 0, y: 0, z: 0}
--- !u!1 &526141228
GameObject:
  m_ObjectHideFlags: 0
  m_CorrespondingSourceObject: {fileID: 0}
  m_PrefabInstance: {fileID: 0}
  m_PrefabAsset: {fileID: 0}
  serializedVersion: 6
  m_Component:
  - component: {fileID: 526141229}
  - component: {fileID: 526141231}
  - component: {fileID: 526141230}
  - component: {fileID: 526141233}
  - component: {fileID: 526141232}
  m_Layer: 0
  m_Name: TargetTile
  m_TagString: Untagged
  m_Icon: {fileID: 0}
  m_NavMeshLayer: 0
  m_StaticEditorFlags: 0
  m_IsActive: 1
--- !u!4 &526141229
Transform:
  m_ObjectHideFlags: 0
  m_CorrespondingSourceObject: {fileID: 0}
  m_PrefabInstance: {fileID: 0}
  m_PrefabAsset: {fileID: 0}
  m_GameObject: {fileID: 526141228}
  m_LocalRotation: {x: -0, y: -0, z: -0, w: 1}
  m_LocalPosition: {x: 0, y: 0, z: 0}
  m_LocalScale: {x: 1, y: 1, z: 1}
  m_Children: []
  m_Father: {fileID: 195960343}
  m_RootOrder: 0
  m_LocalEulerAnglesHint: {x: 0, y: 0, z: 0}
--- !u!483693784 &526141230
TilemapRenderer:
  m_ObjectHideFlags: 0
  m_CorrespondingSourceObject: {fileID: 0}
  m_PrefabInstance: {fileID: 0}
  m_PrefabAsset: {fileID: 0}
  m_GameObject: {fileID: 526141228}
  m_Enabled: 1
  m_CastShadows: 0
  m_ReceiveShadows: 0
  m_DynamicOccludee: 1
  m_MotionVectors: 1
  m_LightProbeUsage: 0
  m_ReflectionProbeUsage: 0
  m_RenderingLayerMask: 1
  m_RendererPriority: 0
  m_Materials:
  - {fileID: 10754, guid: 0000000000000000f000000000000000, type: 0}
  m_StaticBatchInfo:
    firstSubMesh: 0
    subMeshCount: 0
  m_StaticBatchRoot: {fileID: 0}
  m_ProbeAnchor: {fileID: 0}
  m_LightProbeVolumeOverride: {fileID: 0}
  m_ScaleInLightmap: 1
  m_ReceiveGI: 1
  m_PreserveUVs: 0
  m_IgnoreNormalsForChartDetection: 0
  m_ImportantGI: 0
  m_StitchLightmapSeams: 1
  m_SelectedEditorRenderState: 0
  m_MinimumChartSize: 4
  m_AutoUVMaxDistance: 0.5
  m_AutoUVMaxAngle: 89
  m_LightmapParameters: {fileID: 0}
  m_SortingLayerID: 0
  m_SortingLayer: 0
  m_SortingOrder: 0
  m_ChunkSize: {x: 32, y: 32, z: 32}
  m_ChunkCullingBounds: {x: 0, y: 0, z: 0}
  m_MaxChunkCount: 16
  m_MaxFrameAge: 16
  m_SortOrder: 0
  m_Mode: 0
  m_DetectChunkCullingBounds: 0
  m_MaskInteraction: 0
--- !u!1839735485 &526141231
Tilemap:
  m_ObjectHideFlags: 0
  m_CorrespondingSourceObject: {fileID: 0}
  m_PrefabInstance: {fileID: 0}
  m_PrefabAsset: {fileID: 0}
  m_GameObject: {fileID: 526141228}
  m_Enabled: 1
  m_Tiles: {}
  m_AnimatedTiles: {}
  m_TileAssetArray: []
  m_TileSpriteArray: []
  m_TileMatrixArray: []
  m_TileColorArray: []
  m_AnimationFrameRate: 1
  m_Color: {r: 1, g: 1, b: 1, a: 1}
  m_Origin: {x: 0, y: 0, z: 0}
  m_Size: {x: 0, y: 0, z: 1}
  m_TileAnchor: {x: 1, y: 1, z: 0}
  m_TileOrientation: 0
  m_TileOrientationMatrix:
    e00: 1
    e01: 0
    e02: 0
    e03: 0
    e10: 0
    e11: 1
    e12: 0
    e13: 0
    e20: 0
    e21: 0
    e22: 1
    e23: 0
    e30: 0
    e31: 0
    e32: 0
    e33: 1
--- !u!66 &526141232
CompositeCollider2D:
  m_ObjectHideFlags: 0
  m_CorrespondingSourceObject: {fileID: 0}
  m_PrefabInstance: {fileID: 0}
  m_PrefabAsset: {fileID: 0}
  m_GameObject: {fileID: 526141228}
  m_Enabled: 1
  m_Density: 1
  m_Material: {fileID: 0}
  m_IsTrigger: 0
  m_UsedByEffector: 0
  m_UsedByComposite: 0
  m_Offset: {x: 0, y: 0}
  m_GeometryType: 1
  m_GenerationType: 0
  m_EdgeRadius: 0
  m_ColliderPaths: []
  m_CompositePaths:
    m_Paths: []
  m_VertexDistance: 0.0005
  m_OffsetDistance: 0.000005
--- !u!50 &526141233
Rigidbody2D:
  serializedVersion: 4
  m_ObjectHideFlags: 0
  m_CorrespondingSourceObject: {fileID: 0}
  m_PrefabInstance: {fileID: 0}
  m_PrefabAsset: {fileID: 0}
  m_GameObject: {fileID: 526141228}
  m_BodyType: 2
  m_Simulated: 1
  m_UseFullKinematicContacts: 0
  m_UseAutoMass: 0
  m_Mass: 1
  m_LinearDrag: 0
  m_AngularDrag: 0.05
  m_GravityScale: 1
  m_Material: {fileID: 0}
  m_Interpolate: 0
  m_SleepingMode: 1
  m_CollisionDetection: 0
  m_Constraints: 0
--- !u!1 &783795473
GameObject:
  m_ObjectHideFlags: 0
  m_CorrespondingSourceObject: {fileID: 0}
  m_PrefabInstance: {fileID: 0}
  m_PrefabAsset: {fileID: 0}
  serializedVersion: 6
  m_Component:
  - component: {fileID: 783795475}
  - component: {fileID: 783795474}
  m_Layer: 0
  m_Name: Pactory
  m_TagString: Untagged
  m_Icon: {fileID: 0}
  m_NavMeshLayer: 0
  m_StaticEditorFlags: 0
  m_IsActive: 1
--- !u!114 &783795474
MonoBehaviour:
  m_ObjectHideFlags: 0
  m_CorrespondingSourceObject: {fileID: 0}
  m_PrefabInstance: {fileID: 0}
  m_PrefabAsset: {fileID: 0}
  m_GameObject: {fileID: 783795473}
  m_Enabled: 1
  m_EditorHideFlags: 0
  m_Script: {fileID: 11500000, guid: ad47dadfa0219714baa60c234ae8a689, type: 3}
  m_Name: 
  m_EditorClassIdentifier: 
  key: "\uB300\uBC15\uB098\uB77C\uC58D"
  monsters:
  - {fileID: 8360346910675008042, guid: a035bb63996187444aa64fff065338d3, type: 3}
  - {fileID: 2836228081932424304, guid: e0f77d36c4d6c8b4b93ea237d2fe9141, type: 3}
  - {fileID: 617416028150715369, guid: f3834e0050fbcfb48b21fdb738650abd, type: 3}
  - {fileID: 5482768554571668511, guid: f63110f6c2643704bbe9a9355bc4742a, type: 3}
  - {fileID: 4550150699140671257, guid: cbd7a264b6ebc6b4698d2cf10ef9db37, type: 3}
  - {fileID: 7520985793361366947, guid: 3533866054af3864d81cb2f68e706b37, type: 3}
  - {fileID: 7596405616320314984, guid: efc4590d43f2e6a4ea879a3e06804de9, type: 3}
  - {fileID: 1725525054532995592, guid: 3430f2bcd87e7254ba6863ba4c56354a, type: 3}
  - {fileID: 7360663020595404335, guid: a8597b0a22f2fa546877b8e04bc63951, type: 3}
  - {fileID: 4545402896652748235, guid: d82559d537473584183500d570aa93fc, type: 3}
  - {fileID: 8079652830396867333, guid: 3cf4d767926cc5a44bf59b7a920d53ce, type: 3}
  - {fileID: 6693650145506962407, guid: 8b6ad7a303b622442be465b85e540455, type: 3}
  - {fileID: 2074526715015751800, guid: ee46b06824b36d24d9435c97b2aec768, type: 3}
  - {fileID: 3013018812595955855, guid: a3eb97378984bec45bed702678e27c9d, type: 3}
  - {fileID: 3035333652182721942, guid: 2317861808cfbe3478de09b53b9af7ca, type: 3}
  - {fileID: 585680897390363236, guid: 6bb5b571cc7d0d14babbd3e743e15517, type: 3}
  - {fileID: 2611704183453580588, guid: e36a2782027cc3c4eaf0cca93c3a5a6b, type: 3}
  blocks:
  - {fileID: 5118288087734850580, guid: 2ab432c25c224e0448444a02b837a620, type: 3}
  - {fileID: 914968538715336859, guid: 3cc3a3686ae99324989596d99fbcfad7, type: 3}
  - {fileID: 1456134120110074633, guid: 131cc60d9a23df34a80a0372c10ddb8b, type: 3}
  - {fileID: 357264942411354340, guid: 6f96399108f3590498361a1b144c95ef, type: 3}
  - {fileID: 7962960974359069158, guid: 405bcc064a6e35242b1fe9464b321300, type: 3}
  - {fileID: 4437297367723511662, guid: 5a476ead5251bd5428ca1d7deaf41f11, type: 3}
  - {fileID: 2964074627587849346, guid: 20d8d00857220844182834be1d415fc0, type: 3}
  - {fileID: 6977391681559675126, guid: 93eabb6d5bd5c1647b1d04e2ec21cbaa, type: 3}
  - {fileID: 5098028894546420411, guid: 6cc792fa4871c04419a8fcc78b21793b, type: 3}
  - {fileID: 1822129845447045313, guid: 903a9d6f24ef14b4ab955a954e3316f8, type: 3}
  - {fileID: 8301413270674035281, guid: a057d6367eaf1d44fbaf9e4c104bc8b1, type: 3}
  - {fileID: 4300387433708968334, guid: 4f4b8c9fe29838c4ab41601f16961ad0, type: 3}
  - {fileID: 6537372006169246961, guid: a647ba226e9f39343a0dd2852999f577, type: 3}
  - {fileID: 970386698032804862, guid: 87632a7a7f36d544d9798f1942f98d70, type: 3}
  - {fileID: 2174344211740482002, guid: 3a2f66ee21d609d428782d501473407f, type: 3}
  - {fileID: 8965771166043867663, guid: 3b88574ee468f22458d565f4dbf13d9d, type: 3}
  - {fileID: 4895882834841184738, guid: 86a5e8318efe58f4d80319b8e5c013d8, type: 3}
  - {fileID: 7928917655298688334, guid: d3f728f45f8b246458373a348a2318c1, type: 3}
  - {fileID: 287080940682773736, guid: acbea348306c684408ae5c80b2a1ac26, type: 3}
  breathController: {fileID: 856069421}
  balancePath: 
--- !u!4 &783795475
Transform:
  m_ObjectHideFlags: 0
  m_CorrespondingSourceObject: {fileID: 0}
  m_PrefabInstance: {fileID: 0}
  m_PrefabAsset: {fileID: 0}
  m_GameObject: {fileID: 783795473}
  m_LocalRotation: {x: -0, y: -0, z: -0, w: 1}
  m_LocalPosition: {x: 0, y: 0, z: 0}
  m_LocalScale: {x: 1, y: 1, z: 1}
  m_Children: []
  m_Father: {fileID: 0}
  m_RootOrder: 0
  m_LocalEulerAnglesHint: {x: 0, y: 0, z: 0}
--- !u!1 &856069421 stripped
GameObject:
  m_CorrespondingSourceObject: {fileID: 7505777156455143940, guid: 6d6c0f2fb3a069c4b979c9144f758372,
    type: 3}
  m_PrefabInstance: {fileID: 7505777155667037993}
  m_PrefabAsset: {fileID: 0}
--- !u!1001 &1393037446
PrefabInstance:
  m_ObjectHideFlags: 0
  serializedVersion: 2
  m_Modification:
    m_TransformParent: {fileID: 0}
    m_Modifications:
    - target: {fileID: 6828585874736731924, guid: d8082d3d0dbc03a4284d6dc9fd23bc5b,
        type: 3}
      propertyPath: data.dataString
      value: UEsDBBQAAAgIAABIIewkfzPFWAIAAPkEAAALACQAZ3JhcGgwLmpzb24KACAAAAAAAAEAGAAAgD7V3rGdAQCAPtXesZ0BAIA+1d6xnQF1VE1z2jAQ/SuMzqVjmwClt9YhpIckDKSTiy/CWmMNsuTRR/ga/ntXssEunZ6Q375dvX274ky4NDXkVumF5uxFMSDfB8SfyZdBF3yGA90queYnuHI+OLOlJ9HAWVHLFeKxTzOqAqt5/kNuhSdHCDrJC6WrOdtCqow1CBdUGMCQVtZnS4TOA3LAn+HMpxzxlEz96YSnWTS44DEHaUF31CvxSmtYTuaCVjUwL7kjx5OWHc8CTWIzLSP6OvbVlRDctFqIPdah15TWxmEnSGCcYm9BQIKfJfBtaduPW/JbURiwrShNj49co0VNVfJTNb5V1OwaZZ9UOH9PPJ0lQVZT9eVfwng0CYRCq+r5enUc+WtsyfPdih5zamzP2z782GmPg0d7KnZ0I+CjBPmqFlo5yTBotfOpzkDy2H3euktLyHcd3oi9A139/wkN48HlEgw4pIJXm2D+QwOshQqWh/mDxvH8QsFhO0xbAlGv4reBd7rtr1EbeOLaWAy1XUovb6Oc9lQyD575bpxNlZYQ4FZ0DZIKe1xiGXs/xbtY79q7yBP1D6a9vI1d38FdSoA7fhTdhZZqfxuWKdX+BUz55qzgEjrRPvCKPqVKymbJ+p5c09ZOFzTvpW0dZ38vFymSaJrEwOJRNGab+GE4Sab5hD3kyWYUjdj4Gwm7xyX2ScWyEdrag1OTXXGJe+Yrrhxq0oOFpnVYeabpfsFPleqZzmWh1rkGkG9NjZt00HgNPk42ZxwtWoO1XIaJk3NGhMp3wLJboSz0Oj9YTbOuSkZq/qmsRzKShr+OjFzI5Q9QSwMEFAAACAgAAEgh7FSdCD5VAgAA+AQAAAsAJABncmFwaDEuanNvbgoAIAAAAAAAAQAYAACAPtXesZ0BAIA+1d6xnQEAgD7V3rGdAXVUTXPaMBD9K4zOpWN7SoDeWkNIDySZ0EwuvghrjTXIkkcfAZLhv3clC+zS6Qlp39vV27drPgmXpoXSKr3SnK0VA/J9RPyZfBn14AMc6U7JDf+AC+eNM1t7Eg2cF2q5wnjq04xqwGpe/pA74ckJBp3kldLNku0gV8YaDFdUGEBIK+uzJYY+R+SIP+O5TznhKZv60wee5snojMcSpAXdUy/EC61jOVkK2rTAvOSenN5FdjoPNInNREbydeKrKyG4iVqIPbWh15y2xmEnSGCcYm9BQIbXGviutvFyTX6qKgM2itL0tOAaLeqqkp+q862hZt8pe6fC+XfSbNap76qu/yGM0wBXWjUPl4fTxD9ia17uX+ippMYOnB2GF73yNDh0oGJPtwLeapCPaqWVkwxBq51PdQayRX+99pbXUO77eCf1Juja/8/H93AO7R9zwZtthPC6ESrYHWYPGkfzC+WGzTCRhVGv4dXAb7obrlAE7rk2FqFIl17cVjntqWQZHPO9OJsrLSGEo+QWJBX29Ixl7O0Eb7DBszfIPfUfSzQ4Ypdv4CYlhHt+ktxAz+pwHZWp1WENpn5yVnAJvWgPPKJPuZKyW7ChJ5e0jdMVLQdpO8fZ34tFaJbdzebJbJpks2nJqjFUs2laTap0Mt9Ov0FKwuZxiX1S8dwJjfbg1GRfXOKW+YoLMFarE+jRStM2bDzT9LDiH40a+M5lpTalBpBPXZmretD4En6bbMk4urQBa7kMQyefBRGq3AMrroWK0O7yaDUt+ioFafm7sj5SkDz8cxTkTM5/AFBLAwQUAAAICAAASCHsYayhBosAAAC2AAAACQAkAG1ldGEuanNvbgoAIAAAAAAAAQAYAACAPtXesZ0BAIA+1d6xnQEAgD7V3rGdAW2NvQ6CMBSFX4V0FtJ7+4svwGbcDUPLbaGDQABNjPHdbePqdn6+nPNmz7DtaZnZuZINNqBOFRs3t057TrCYR6KibywiNwiBQHBFHmSt0Qya5IBecEHKsow7RG1bbg1HawaKdYjWQFQRVOuNDMD6TB2vNVzcPfyGr+6YYpopzWPTbYm68l/G/hf95wtQSwECLQAUAAAICAAASCHsJH8zxVgCAAD5BAAACwAkAAAAAAAAAAAAAAAAAAAAZ3JhcGgwLmpzb24KACAAAAAAAAEAGAAAgD7V3rGdAQCAPtXesZ0BAIA+1d6xnQFQSwECLQAUAAAICAAASCHsVJ0IPlUCAAD4BAAACwAkAAAAAAAAAAAAAAClAgAAZ3JhcGgxLmpzb24KACAAAAAAAAEAGAAAgD7V3rGdAQCAPtXesZ0BAIA+1d6xnQFQSwECLQAUAAAICAAASCHsYayhBosAAAC2AAAACQAkAAAAAAAAAAAAAABHBQAAbWV0YS5qc29uCgAgAAAAAAABABgAAIA+1d6xnQEAgD7V3rGdAQCAPtXesZ0BUEsFBgAAAAADAAMAFQEAAB0GAAAAAA==
      objectReference: {fileID: 0}
    - target: {fileID: 6828585874736731924, guid: d8082d3d0dbc03a4284d6dc9fd23bc5b,
        type: 3}
      propertyPath: showGraphs
      value: 1
      objectReference: {fileID: 0}
    - target: {fileID: 6828585874736731925, guid: d8082d3d0dbc03a4284d6dc9fd23bc5b,
        type: 3}
      propertyPath: m_Name
      value: A_
      objectReference: {fileID: 0}
    - target: {fileID: 6828585874736731931, guid: d8082d3d0dbc03a4284d6dc9fd23bc5b,
        type: 3}
      propertyPath: m_LocalPosition.x
      value: 0
      objectReference: {fileID: 0}
    - target: {fileID: 6828585874736731931, guid: d8082d3d0dbc03a4284d6dc9fd23bc5b,
        type: 3}
      propertyPath: m_LocalPosition.y
      value: 0
      objectReference: {fileID: 0}
    - target: {fileID: 6828585874736731931, guid: d8082d3d0dbc03a4284d6dc9fd23bc5b,
        type: 3}
      propertyPath: m_LocalPosition.z
      value: 0
      objectReference: {fileID: 0}
    - target: {fileID: 6828585874736731931, guid: d8082d3d0dbc03a4284d6dc9fd23bc5b,
        type: 3}
      propertyPath: m_LocalRotation.x
      value: -0
      objectReference: {fileID: 0}
    - target: {fileID: 6828585874736731931, guid: d8082d3d0dbc03a4284d6dc9fd23bc5b,
        type: 3}
      propertyPath: m_LocalRotation.y
      value: -0
      objectReference: {fileID: 0}
    - target: {fileID: 6828585874736731931, guid: d8082d3d0dbc03a4284d6dc9fd23bc5b,
        type: 3}
      propertyPath: m_LocalRotation.z
      value: -0
      objectReference: {fileID: 0}
    - target: {fileID: 6828585874736731931, guid: d8082d3d0dbc03a4284d6dc9fd23bc5b,
        type: 3}
      propertyPath: m_LocalRotation.w
      value: 1
      objectReference: {fileID: 0}
    - target: {fileID: 6828585874736731931, guid: d8082d3d0dbc03a4284d6dc9fd23bc5b,
        type: 3}
      propertyPath: m_RootOrder
      value: 4
      objectReference: {fileID: 0}
    - target: {fileID: 6828585874736731931, guid: d8082d3d0dbc03a4284d6dc9fd23bc5b,
        type: 3}
      propertyPath: m_LocalEulerAnglesHint.x
      value: 0
      objectReference: {fileID: 0}
    - target: {fileID: 6828585874736731931, guid: d8082d3d0dbc03a4284d6dc9fd23bc5b,
        type: 3}
      propertyPath: m_LocalEulerAnglesHint.y
      value: 0
      objectReference: {fileID: 0}
    - target: {fileID: 6828585874736731931, guid: d8082d3d0dbc03a4284d6dc9fd23bc5b,
        type: 3}
      propertyPath: m_LocalEulerAnglesHint.z
      value: 0
      objectReference: {fileID: 0}
    m_RemovedComponents: []
  m_SourcePrefab: {fileID: 100100000, guid: d8082d3d0dbc03a4284d6dc9fd23bc5b, type: 3}
--- !u!1 &1450803309
GameObject:
  m_ObjectHideFlags: 0
  m_CorrespondingSourceObject: {fileID: 0}
  m_PrefabInstance: {fileID: 0}
  m_PrefabAsset: {fileID: 0}
  serializedVersion: 6
  m_Component:
  - component: {fileID: 1450803312}
  - component: {fileID: 1450803311}
  - component: {fileID: 1450803310}
  m_Layer: 0
  m_Name: Main Camera
  m_TagString: MainCamera
  m_Icon: {fileID: 0}
  m_NavMeshLayer: 0
  m_StaticEditorFlags: 0
  m_IsActive: 1
--- !u!81 &1450803310
AudioListener:
  m_ObjectHideFlags: 0
  m_CorrespondingSourceObject: {fileID: 0}
  m_PrefabInstance: {fileID: 0}
  m_PrefabAsset: {fileID: 0}
  m_GameObject: {fileID: 1450803309}
  m_Enabled: 1
--- !u!20 &1450803311
Camera:
  m_ObjectHideFlags: 0
  m_CorrespondingSourceObject: {fileID: 0}
  m_PrefabInstance: {fileID: 0}
  m_PrefabAsset: {fileID: 0}
  m_GameObject: {fileID: 1450803309}
  m_Enabled: 1
  serializedVersion: 2
  m_ClearFlags: 1
  m_BackGroundColor: {r: 0, g: 0, b: 0, a: 1}
  m_projectionMatrixMode: 1
  m_GateFitMode: 2
  m_FOVAxisMode: 0
  m_SensorSize: {x: 36, y: 24}
  m_LensShift: {x: 0, y: 0}
  m_FocalLength: 50
  m_NormalizedViewPortRect:
    serializedVersion: 2
    x: 0
    y: 0
    width: 1
    height: 1
  near clip plane: 0.3
  far clip plane: 1000
  field of view: 60
  orthographic: 1
  orthographic size: 19
  m_Depth: -1
  m_CullingMask:
    serializedVersion: 2
    m_Bits: 4294967295
  m_RenderingPath: -1
  m_TargetTexture: {fileID: 0}
  m_TargetDisplay: 0
  m_TargetEye: 3
  m_HDR: 1
  m_AllowMSAA: 1
  m_AllowDynamicResolution: 0
  m_ForceIntoRT: 0
  m_OcclusionCulling: 1
  m_StereoConvergence: 10
  m_StereoSeparation: 0.022
--- !u!4 &1450803312
Transform:
  m_ObjectHideFlags: 0
  m_CorrespondingSourceObject: {fileID: 0}
  m_PrefabInstance: {fileID: 0}
  m_PrefabAsset: {fileID: 0}
  m_GameObject: {fileID: 1450803309}
  m_LocalRotation: {x: -0, y: -0, z: -0, w: 1}
  m_LocalPosition: {x: 0, y: -2, z: -1}
  m_LocalScale: {x: 1, y: 1, z: 1}
  m_Children: []
  m_Father: {fileID: 0}
  m_RootOrder: 3
  m_LocalEulerAnglesHint: {x: 0, y: 0, z: 0}
--- !u!1001 &7505777155667037993
PrefabInstance:
  m_ObjectHideFlags: 0
  serializedVersion: 2
  m_Modification:
    m_TransformParent: {fileID: 0}
    m_Modifications:
    - target: {fileID: 445771852931181388, guid: 6d6c0f2fb3a069c4b979c9144f758372,
        type: 3}
      propertyPath: m_AnchorMin.y
      value: 0
      objectReference: {fileID: 0}
    - target: {fileID: 445771852931181388, guid: 6d6c0f2fb3a069c4b979c9144f758372,
        type: 3}
      propertyPath: m_AnchorMax.y
      value: 0
      objectReference: {fileID: 0}
    - target: {fileID: 445771852931181388, guid: 6d6c0f2fb3a069c4b979c9144f758372,
        type: 3}
      propertyPath: m_AnchoredPosition.x
      value: 0
      objectReference: {fileID: 0}
    - target: {fileID: 445771852931181388, guid: 6d6c0f2fb3a069c4b979c9144f758372,
        type: 3}
      propertyPath: m_AnchoredPosition.y
      value: 0
      objectReference: {fileID: 0}
    - target: {fileID: 445771852931181388, guid: 6d6c0f2fb3a069c4b979c9144f758372,
        type: 3}
      propertyPath: m_SizeDelta.x
      value: 0
      objectReference: {fileID: 0}
    - target: {fileID: 445771852931181388, guid: 6d6c0f2fb3a069c4b979c9144f758372,
        type: 3}
      propertyPath: m_SizeDelta.y
      value: 0
      objectReference: {fileID: 0}
    - target: {fileID: 1634603098057158425, guid: 6d6c0f2fb3a069c4b979c9144f758372,
        type: 3}
      propertyPath: m_AnchorMin.y
      value: 0
      objectReference: {fileID: 0}
    - target: {fileID: 1634603098057158425, guid: 6d6c0f2fb3a069c4b979c9144f758372,
        type: 3}
      propertyPath: m_AnchorMax.y
      value: 0
      objectReference: {fileID: 0}
    - target: {fileID: 1634603098057158425, guid: 6d6c0f2fb3a069c4b979c9144f758372,
        type: 3}
      propertyPath: m_AnchoredPosition.x
      value: 0
      objectReference: {fileID: 0}
    - target: {fileID: 1634603098057158425, guid: 6d6c0f2fb3a069c4b979c9144f758372,
        type: 3}
      propertyPath: m_AnchoredPosition.y
      value: 0
      objectReference: {fileID: 0}
    - target: {fileID: 1634603098057158425, guid: 6d6c0f2fb3a069c4b979c9144f758372,
        type: 3}
      propertyPath: m_SizeDelta.x
      value: 0
      objectReference: {fileID: 0}
    - target: {fileID: 1634603098057158425, guid: 6d6c0f2fb3a069c4b979c9144f758372,
        type: 3}
      propertyPath: m_SizeDelta.y
      value: 0
      objectReference: {fileID: 0}
    - target: {fileID: 3513544827767454362, guid: 6d6c0f2fb3a069c4b979c9144f758372,
        type: 3}
      propertyPath: m_AnchorMin.y
      value: 0
      objectReference: {fileID: 0}
    - target: {fileID: 3513544827767454362, guid: 6d6c0f2fb3a069c4b979c9144f758372,
        type: 3}
      propertyPath: m_AnchorMax.y
      value: 0
      objectReference: {fileID: 0}
    - target: {fileID: 3513544827767454362, guid: 6d6c0f2fb3a069c4b979c9144f758372,
        type: 3}
      propertyPath: m_AnchoredPosition.x
      value: 0
      objectReference: {fileID: 0}
    - target: {fileID: 3513544827767454362, guid: 6d6c0f2fb3a069c4b979c9144f758372,
        type: 3}
      propertyPath: m_AnchoredPosition.y
      value: 0
      objectReference: {fileID: 0}
    - target: {fileID: 3513544827767454362, guid: 6d6c0f2fb3a069c4b979c9144f758372,
        type: 3}
      propertyPath: m_SizeDelta.x
      value: 0
      objectReference: {fileID: 0}
    - target: {fileID: 3513544827767454362, guid: 6d6c0f2fb3a069c4b979c9144f758372,
        type: 3}
      propertyPath: m_SizeDelta.y
      value: 0
      objectReference: {fileID: 0}
    - target: {fileID: 4929222456004266432, guid: 6d6c0f2fb3a069c4b979c9144f758372,
        type: 3}
      propertyPath: target
      value: 
      objectReference: {fileID: 526141231}
    - target: {fileID: 5200307601482302771, guid: 6d6c0f2fb3a069c4b979c9144f758372,
        type: 3}
      propertyPath: m_LocalRotation.z
      value: -0.08863353
      objectReference: {fileID: 0}
    - target: {fileID: 5200307601482302771, guid: 6d6c0f2fb3a069c4b979c9144f758372,
        type: 3}
      propertyPath: m_LocalRotation.w
      value: 0.9960643
      objectReference: {fileID: 0}
    - target: {fileID: 5200307601482302771, guid: 6d6c0f2fb3a069c4b979c9144f758372,
        type: 3}
      propertyPath: m_LocalPosition.x
      value: 0.4857
      objectReference: {fileID: 0}
    - target: {fileID: 5200307601482302771, guid: 6d6c0f2fb3a069c4b979c9144f758372,
        type: 3}
      propertyPath: m_LocalPosition.y
      value: 0.0882
      objectReference: {fileID: 0}
    - target: {fileID: 5200307601672487496, guid: 6d6c0f2fb3a069c4b979c9144f758372,
        type: 3}
      propertyPath: m_LocalRotation.z
      value: 0.047716636
      objectReference: {fileID: 0}
    - target: {fileID: 5200307601672487496, guid: 6d6c0f2fb3a069c4b979c9144f758372,
        type: 3}
      propertyPath: m_LocalRotation.w
      value: 0.9988609
      objectReference: {fileID: 0}
    - target: {fileID: 5200307602103020449, guid: 6d6c0f2fb3a069c4b979c9144f758372,
        type: 3}
      propertyPath: m_LocalRotation.z
      value: -0.17175716
      objectReference: {fileID: 0}
    - target: {fileID: 5200307602103020449, guid: 6d6c0f2fb3a069c4b979c9144f758372,
        type: 3}
      propertyPath: m_LocalRotation.w
      value: 0.9851393
      objectReference: {fileID: 0}
    - target: {fileID: 5200307602103020449, guid: 6d6c0f2fb3a069c4b979c9144f758372,
        type: 3}
      propertyPath: m_LocalPosition.x
      value: 0.27470002
      objectReference: {fileID: 0}
    - target: {fileID: 5200307602103020449, guid: 6d6c0f2fb3a069c4b979c9144f758372,
        type: 3}
      propertyPath: m_LocalPosition.y
      value: -0.021399999
      objectReference: {fileID: 0}
    - target: {fileID: 5200307602714600969, guid: 6d6c0f2fb3a069c4b979c9144f758372,
        type: 3}
      propertyPath: m_LocalRotation.z
      value: -0.18343665
      objectReference: {fileID: 0}
    - target: {fileID: 5200307602714600969, guid: 6d6c0f2fb3a069c4b979c9144f758372,
        type: 3}
      propertyPath: m_LocalRotation.w
      value: 0.9830315
      objectReference: {fileID: 0}
    - target: {fileID: 5200307603350299007, guid: 6d6c0f2fb3a069c4b979c9144f758372,
        type: 3}
      propertyPath: m_LocalRotation.z
      value: -0.16487546
      objectReference: {fileID: 0}
    - target: {fileID: 5200307603350299007, guid: 6d6c0f2fb3a069c4b979c9144f758372,
        type: 3}
      propertyPath: m_LocalRotation.w
      value: 0.9863144
      objectReference: {fileID: 0}
    - target: {fileID: 6810568618746110552, guid: 6d6c0f2fb3a069c4b979c9144f758372,
        type: 3}
      propertyPath: m_AnchorMin.y
      value: 0
      objectReference: {fileID: 0}
    - target: {fileID: 6810568618746110552, guid: 6d6c0f2fb3a069c4b979c9144f758372,
        type: 3}
      propertyPath: m_AnchorMax.y
      value: 0
      objectReference: {fileID: 0}
    - target: {fileID: 6810568618746110552, guid: 6d6c0f2fb3a069c4b979c9144f758372,
        type: 3}
      propertyPath: m_AnchoredPosition.x
      value: 0
      objectReference: {fileID: 0}
    - target: {fileID: 6810568618746110552, guid: 6d6c0f2fb3a069c4b979c9144f758372,
        type: 3}
      propertyPath: m_AnchoredPosition.y
      value: 0
      objectReference: {fileID: 0}
    - target: {fileID: 6810568618746110552, guid: 6d6c0f2fb3a069c4b979c9144f758372,
        type: 3}
      propertyPath: m_SizeDelta.x
      value: 0
      objectReference: {fileID: 0}
    - target: {fileID: 6810568618746110552, guid: 6d6c0f2fb3a069c4b979c9144f758372,
        type: 3}
      propertyPath: m_SizeDelta.y
      value: 0
      objectReference: {fileID: 0}
    - target: {fileID: 7505777154966992073, guid: 6d6c0f2fb3a069c4b979c9144f758372,
        type: 3}
      propertyPath: m_LocalPosition.x
      value: 0
      objectReference: {fileID: 0}
    - target: {fileID: 7505777154966992073, guid: 6d6c0f2fb3a069c4b979c9144f758372,
        type: 3}
      propertyPath: m_LocalPosition.y
      value: 0
      objectReference: {fileID: 0}
    - target: {fileID: 7505777154966992073, guid: 6d6c0f2fb3a069c4b979c9144f758372,
        type: 3}
      propertyPath: m_LocalPosition.z
      value: 0
      objectReference: {fileID: 0}
    - target: {fileID: 7505777154966992073, guid: 6d6c0f2fb3a069c4b979c9144f758372,
        type: 3}
      propertyPath: m_LocalRotation.x
      value: 0
      objectReference: {fileID: 0}
    - target: {fileID: 7505777154966992073, guid: 6d6c0f2fb3a069c4b979c9144f758372,
        type: 3}
      propertyPath: m_LocalRotation.y
      value: 0
      objectReference: {fileID: 0}
    - target: {fileID: 7505777154966992073, guid: 6d6c0f2fb3a069c4b979c9144f758372,
        type: 3}
      propertyPath: m_LocalRotation.z
      value: 0
      objectReference: {fileID: 0}
    - target: {fileID: 7505777154966992073, guid: 6d6c0f2fb3a069c4b979c9144f758372,
        type: 3}
      propertyPath: m_LocalRotation.w
      value: 1
      objectReference: {fileID: 0}
    - target: {fileID: 7505777154966992073, guid: 6d6c0f2fb3a069c4b979c9144f758372,
        type: 3}
      propertyPath: m_RootOrder
      value: 1
      objectReference: {fileID: 0}
    - target: {fileID: 7505777154966992073, guid: 6d6c0f2fb3a069c4b979c9144f758372,
        type: 3}
      propertyPath: m_LocalEulerAnglesHint.x
      value: 0
      objectReference: {fileID: 0}
    - target: {fileID: 7505777154966992073, guid: 6d6c0f2fb3a069c4b979c9144f758372,
        type: 3}
      propertyPath: m_LocalEulerAnglesHint.y
      value: 0
      objectReference: {fileID: 0}
    - target: {fileID: 7505777154966992073, guid: 6d6c0f2fb3a069c4b979c9144f758372,
        type: 3}
      propertyPath: m_LocalEulerAnglesHint.z
      value: 0
      objectReference: {fileID: 0}
    - target: {fileID: 7505777154966992117, guid: 6d6c0f2fb3a069c4b979c9144f758372,
        type: 3}
      propertyPath: m_Name
      value: GameManager
      objectReference: {fileID: 0}
    - target: {fileID: 7505777155275957428, guid: 6d6c0f2fb3a069c4b979c9144f758372,
        type: 3}
      propertyPath: m_Camera
      value: 
      objectReference: {fileID: 1450803311}
    - target: {fileID: 7505777156309531871, guid: 6d6c0f2fb3a069c4b979c9144f758372,
        type: 3}
      propertyPath: m_Mesh
      value: 
      objectReference: {fileID: 0}
    m_RemovedComponents: []
  m_SourcePrefab: {fileID: 100100000, guid: 6d6c0f2fb3a069c4b979c9144f758372, type: 3}
